<?xml version="1.0" encoding="UTF-8"?>
<record xmlns="http://www.loc.gov/MARC21/slim">
   <leader>01203cam a22002655  4500</leader>
   <controlfield tag="001">1637958</controlfield>
   <controlfield tag="003">NjP</controlfield>
   <controlfield tag="005">20170224183922.0</controlfield>
   <controlfield tag="008">991123r1971uuuuir            000 0 ara d</controlfield>
   <datafield tag="024" ind1="7" ind2=" ">
      <subfield code="a">princeton_aco004887</subfield>
      <subfield code="2">local</subfield>
   </datafield>
   <datafield ind1=" " ind2=" " tag="035">
      <subfield code="a">(OCoLC)ocm42873415</subfield>
   </datafield>
   <datafield ind1=" " ind2=" " tag="035">
      <subfield code="9">CFE8882TS</subfield>
   </datafield>
   <datafield ind1=" " ind2=" " tag="040">
      <subfield code="a">PUL</subfield>
      <subfield code="c">PUL</subfield>
   </datafield>
   <datafield ind1="2" ind2=" " tag="100">
      <subfield code="a">Ṣadr al-Dīn Shīrāzī, Muḥammad ibn Ibrāhīm,</subfield>
      <subfield code="d">-1641.</subfield>
      <subfield code="0">http://id.loc.gov/authorities/names/n81035993</subfield>
   </datafield>
   <datafield ind1="1" ind2="0" tag="245">
      <subfield code="a">Sharḥ Uṣūl al-Kāfī, wa-fī akhirihi kitāb Mafātīḥ al-ghayb.</subfield>
   </datafield>
   <datafield ind1="3" ind2=" " tag="246">
      <subfield code="a">Mafātīḥ al-ghayb</subfield>
   </datafield>
   <datafield ind1=" " ind2=" " tag="260">
      <subfield code="a">Tehran,</subfield>
      <subfield code="b">Maktabat al-Maḥmūdī,</subfield>
      <subfield code="c">1391 [1971 or 2]</subfield>
   </datafield>
   <datafield ind1=" " ind2=" " tag="300">
      <subfield code="a">666 p.</subfield>
      <subfield code="c">36 cm.</subfield>
   </datafield>
   <datafield ind1=" " ind2=" " tag="546">
      <subfield code="a">In Arabic.</subfield>
   </datafield>
   <datafield ind1=" " ind2=" " tag="500">
      <subfield code="a">Reprint.</subfield>
   </datafield>
   <datafield ind1=" " ind2="0" tag="650">
      <subfield code="a">Islamic law</subfield>
      <subfield code="x">Interpretation and construction.</subfield>
      <subfield code="0">http://id.loc.gov/authorities/subjects/sh85068455</subfield>
   </datafield>
   <datafield ind1=" " ind2="0" tag="650">
      <subfield code="a">Shīʻah</subfield>
      <subfield code="x">Doctrines.</subfield>
      <subfield code="0">http://id.loc.gov/authorities/subjects/sh85121391</subfield>
   </datafield>
   <datafield ind1="1" ind2="0" tag="600">
      <subfield code="a">Kulaynī, Muḥammad ibn Yaʻqūb,</subfield>
      <subfield code="d">-941?</subfield>
      <subfield code="t">Kāfī.</subfield>
   </datafield>
   <datafield ind1="2" ind2=" " tag="700">
      <subfield code="a">Ṣadr al-Dīn Shīrāzī, Muḥammad ibn Ibrāhīm,</subfield>
      <subfield code="d">d. 1641.</subfield>
      <subfield code="t">Mafātīh al-ghayb.</subfield>
      <subfield code="f">1971.</subfield>
      <subfield code="0">http://id.loc.gov/authorities/names/n81035993</subfield>
   </datafield>
   <datafield ind1=" " ind2=" " tag="947">
      <subfield code="a">CFE8882</subfield>
   </datafield>
   <datafield ind1=" " ind2=" " tag="911">
      <subfield code="a">20000130</subfield>
   </datafield>
   <datafield ind1="0" ind2="0" tag="852">
      <subfield code="0">1888799</subfield>
      <subfield code="b">nec</subfield>
      <subfield code="t">0</subfield>
      <subfield code="c">Oversize</subfield>
      <subfield code="h">BP193.25</subfield>
      <subfield code="i">.K853 1971q</subfield>
   </datafield>
   <datafield ind1=" " ind2=" " tag="959">
      <subfield code="a">2000-06-13 00:00:00 -0400</subfield>
   </datafield>
</record>
